@article{liao,
author = {Liao, Yihua and Vemuri, Rao},
year = {2002},
month = {10},
pages = {439-448},
title = {Use of K-Nearest Neighbor classifier for intrusion detection},
volume = {21},
journal = {Computers and Security},
doi = {10.1016/S0167-4048(02)00514-X}
}

@article{hasan,
author = {Hasan, Md. Al and Nasser, Mohammed and Pal, Biprodip and Ahmad, Shamim},
year = {2014},
month = {01},
pages = {45-52},
title = {Support Vector Machine and Random Forest Modeling for Intrusion Detection System (IDS)},
volume = {06},
journal = {Journal of Intelligent Learning Systems and Applications},
doi = {10.4236/jilsa.2014.61005}
}

@article{farnaaz2016random,
  title={Random forest modeling for network intrusion detection system},
  author={Farnaaz, Nabila and Jabbar, MA},
  journal={Procedia Computer Science},
  volume={89},
  pages={213--217},
  year={2016},
  publisher={Elsevier}
}

@phdthesis{nurhadi2017aplikasi,
  title={Aplikasi Intelligence Intrusion Detection System (IIDS) Dengan Menggunakan Metode K-Nearest Neighbor Untuk Mendeteksi Serangan Pada Jaringan},
  author={Nurhadi, Naldi},
  year={2017},
  school={Universitas Islam Negeri Sultan Syarif Kasim Riau}
}

@inproceedings{lubis2020optimization,
  title={Optimization of K Value at the K-NN algorithm in clustering using the expectation maximization algorithm},
  author={Lubis, Zulkarnain and Sihombing, Poltak and Mawengkang, Herman},
  booktitle={IOP Conference Series: Materials Science and Engineering},
  pages={012133},
  year={2020},
  organization={IOP Publishing}
}

@article{inproceedings,
author = {Xydas, Erotokritos and Marmaras, Charalampos and Cipcigan, Liana and Sani Hassan, Abubakar and Jenkins, Nick},
year = {2013},
month = {09},
pages = {1-6},
title = {Forecasting Electric Vehicle charging demand using Support Vector Machines},
journal = {Proceedings of the Universities Power Engineering Conference},
doi = {10.1109/UPEC.2013.6714942}
}

@article{zhang,
author = {Zhang, Wen and Liu, Feng and Longqiang, Luo and Zhang, Jingxia},
year = {2015},
month = {11},
pages = {},
title = {Predicting drug side effects by multi-label learning and ensemble learning},
volume = {16},
journal = {BMC Bioinformatics},
doi = {10.1186/s12859-015-0774-y}
}

@misc{mamcose,
  author = {Mamcose},
  title = {NSL-KDD-Network-Intrusion-Detection},
  year = 2019,
  url = {https://github.com/Mamcose/NSL-KDD-Network-Intrusion-Detection},
  urldate = {2021-05-25}
}
