@article{liao,
author = {Liao, Yihua and Vemuri, Rao},
year = {2002},
month = {10},
pages = {439-448},
title = {Use of K-Nearest Neighbor classifier for intrusion detection},
volume = {21},
journal = {Computers & Security},
doi = {10.1016/S0167-4048(02)00514-X}
}

@article{hasan,
author = {Hasan, Md. Al and Nasser, Mohammed and Pal, Biprodip and Ahmad, Shamim},
year = {2014},
month = {01},
pages = {45-52},
title = {Support Vector Machine and Random Forest Modeling for Intrusion Detection System (IDS)},
volume = {06},
journal = {Journal of Intelligent Learning Systems and Applications},
doi = {10.4236/jilsa.2014.61005}
}

@article{farnaaz2016random,
  title={Random forest modeling for network intrusion detection system},
  author={Farnaaz, Nabila and Jabbar, MA},
  journal={Procedia Computer Science},
  volume={89},
  pages={213--217},
  year={2016},
  publisher={Elsevier}
}

@phdthesis{nurhadi2017aplikasi,
  title={Aplikasi Intelligence Intrusion Detection System (IIDS) Dengan Menggunakan Metode K-Nearest Neighbor Untuk Mendeteksi Serangan Pada Jaringan},
  author={Nurhadi, Naldi},
  year={2017},
  school={Universitas Islam Negeri Sultan Syarif Kasim Riau}
}

@misc{ndd,
  title = {Mamcose/NSL-KDD-Network-Intrusion-Detection},
  howpublished = {\url{https://github.com/Mamcose/NSL-KDD-Network-Intrusion-Detection}},
  note = {Accessed: 2021-05-25}
}
